<?xml version="1.0" encoding="UTF-8"?><collection xmlns="http://www.loc.gov/MARC21/slim"><record><leader>00629nam--2200205-i-4500</leader><controlfield tag="001">000044828</controlfield><controlfield tag="002">20161230</controlfield><controlfield tag="005">20161230201044</controlfield><controlfield tag="008">060222s1000------------r-----000-0-rus-d</controlfield><datafield ind1=" " ind2=" " tag="040"><subfield code="a">IFIN-HH</subfield></datafield><datafield ind1=" " ind2=" " tag="041"><subfield code="a">rus</subfield></datafield><datafield ind1=" " ind2=" " tag="080"><subfield code="a">519.25:539.12</subfield></datafield><datafield ind1="1" ind2=" " tag="100"><subfield code="a">Eadie, W.T. /S.A.</subfield></datafield><datafield ind1="1" ind2="0" tag="245"><subfield code="a">Statisticeskie metodi v eksperimentalnii fizike</subfield><subfield code="c">W.t. eadie, d. dryard, f.e. james, m. roos, b. sadoulet</subfield></datafield><datafield ind1=" " ind2=" " tag="260"><subfield code="a">Moskva</subfield><subfield code="b">Atomizdat</subfield><subfield code="c">1976</subfield></datafield><datafield ind1=" " ind2=" " tag="300"><subfield code="a">335P</subfield></datafield><datafield ind1=" " ind2=" " tag="500"><subfield code="a">Titlul Original In Limba Engleza: Statistical Methods In Experimental Physics</subfield></datafield><datafield ind1="1" ind2=" " tag="700"><subfield code="a">Sadoulet, B</subfield></datafield><datafield ind1=" " ind2=" " tag="852"><subfield code="a">43702</subfield><subfield code="c">519.24</subfield></datafield><datafield ind1=" " ind2=" " tag="CAT"><subfield code="a">Sys</subfield><subfield code="c">20130805</subfield><subfield code="h">141543</subfield></datafield></record></collection>